@article{picone2002nrlmsise,
  title={NRLMSISE-00 empirical model of the atmosphere: Statistical comparisons and scientific issues},
  author={Picone, JM and Hedin, AE and Drob, D Pj and Aikin, AC},
  journal={Journal of Geophysical Research: Space Physics},
  volume={107},
  number={A12},
  pages={SIA--15},
  year={2002},
  publisher={Wiley Online Library}
}

@techreport{harris1963relation,
  title={Relation between theoretical and observational models of the upper atmosphere},
  author={Harris, I and Priester, W},
  year={1963}
}